@book{ComputerScienceHandbook:Tucker:2004,
	author={Tucker, Allen B.},
	title={Computer Science Handbook},
	publisher = {CRC Press},
	edition={2},
	year={2004},
	hyphenation={english}
}

@incollection{TypeSystems:Cardelli:2004,
  author={Cardelli, Luca},
  title={Type Systems},
  editor={Tucker, Allen B.},
  booktitle={Computer Science Handbook},
  publisher={CRC Press},
  edition={2},
  year={2004},
  pages={97\-1-97\-41},
  chapter=97
}

@book{JavaScriptObjectProgramming:Rinehart:2015,
	author={Rinehart, Martin},
	title={JavaScript Object Programming},
	publisher={Apress},
	edition={1},
	year={2015},
	hyphenation={english}
}

@book{JavaScriptTheDefinitiveGuide:Flanagan:2011,
 author={Flanagan, David},
 title={JavaScript: The Definitive Guide},
 subtitle={Activate Your Web Pages},
 year={2011},
 edition={6},
 publisher={O'Reilly Media},
}

@book{JavaScriptTheGoodParts:Crockford:2008,
	author={Crockford, Douglas},
	title={JavaScript: The Good Parts},
	subtitle={Unearthing the Excellence in JavaScript},
	publisher={O'Reilly Media},
	location={Sebastopol, California},
	edition={1},
	year={2008},
	hyphenation={english}
}

@book{ProgrammingLanguagesPrinciplesAndPractices:LoudenLambert:2011,
	author={Louden, Kenneth C. and Lambert, Kenneth A.},
	title={Programming Languages: Principles and Practices},
	publisher={Cengage Learning},
	location={Boston, Massachusetts},
	edition={3},
	year={2011},
	hyphenation={english}
}

@book{ProJavaScriptDevelopment:Odell:2014,
	author={Odell, Den},
	title={Pro JavaScript Development},
	subtitle={Coding, Capabilities, and Tooling},
	publisher={Apress},
	location={California},
	edition={1},
	year={2014},
	hyphenation={english}
}

@book{TypesAndProgrammingLanguages:Pierce:2002,
	author={Pierce, Benjamin C.},
	title={Types and Programming Languages},
	publisher={The MIT Press},
	location={Cambridge, Massachusetts},
	edition={1},
	year={2002},
	hyphenation={english}
}

@book{YDKJSUpAndGoing:Simpson:2015,
  title={You Don't Know JS: Up \& Going},
  author={Simpson, Kyle},
  location={Sebastopol, California},
  year={2015},
  month={4},
  edition={1},
  publisher={O'Reilly Media}
}


@online{EcmaInternational:Ecma,
	title={Ecma International},
	url={https://www.ecma-international.org},
	urldate={2017-04-21},
	hyphenation={english}
}

@online{ES2015SpecOnline:Ecma:2015,
	title={ECMAScript 2015 Language Specification - ECMA-262 6th Edition},
	url={https://www.ecma-international.org/ecma-262/6.0/},
	year={2015},
	month={6},
	urldate={2017-04-23},
	hyphenation={english}
}

@online{ES2015Spec:Ecma:2015,
	title={ECMAScript 2015 Language Specification},
	subtitle={ECMA-262 6th Edition},
	url={http://www.ecma-international.org/ecma-262/6.0/ECMA-262.pdf},
	year={2015},
	month={6},
	urldate={2017-04-23},
	hyphenation={english}
}

@online{HistoryOfNetscape:Cooper:2014,
	author={Cooper, Sean},
	title={Whatever happened to Netscape?},
	year={2014},
	month={10},
	day=5,
	url={https://www.engadget.com/2014/05/10/history-of-netscape/},
	urldate={2017-04-21},
	hyphenation={english}
}

@online{GitHubOctoverse2016:GitHub:2016,
	title={GitHub Language Stats},
	year={2016},
	url={https://octoverse.github.com},
	urldate={2017-04-21},
	hyphenation={english}
}

@online{GitHubPullRequest:GitHub:2014,
	title={About pull requests},
	url={https://help.github.com/articles/about-pull-requests/},
	urldate={2017-04-21},
	hyphenation={english}
}

@online{GitHut:Zapponi:2014,
	author={Zapponi, Carlo},
	title={Programming Languages and GitHub},
	year={2014},
	url={http://githut.info},
	urldate={2017-04-21},
	hyphenation={english}
}

@online{typeof:MDN:2017,
	title={typeof - JavaScript},
	year={2017},
	url={https://developer.mozilla.org/en-US/docs/Web/JavaScript/Reference/Operators/typeof},
	urldate={2017-04-24},
	hyphenation={english}
}

@online{ArrayPrototypeToString:MDN:2017,
	title={Array.prototype.toString() - JavaScript},
	year={2017},
	url={https://developer.mozilla.org/en-US/docs/Web/JavaScript/Reference/Global_Objects/Array/toString},
	urldate={2017-04-24},
	hyphenation={english}
}

@online{TypeofNull:Smith:2013,
	author={Smith, Chris},
	title={What to know before debating type systems},
	year={2013},
	month={10},
	day=29,
	url={http://2ality.com/2013/10/typeof-null.html},
	urldate={2017-04-24},
	hyphenation={english}
}

@online{TypeSystems:Rauschmayer:2008,
	author={Rauschmayer, Axel},
	title={What to know before debating type systems},
	year={2008},
	month={3},
	day=3,
	url={http://blogs.perl.org/users/ovid/2010/08/what-to-know-before-debating-type-systems.html},
	urldate={2017-04-21},
	hyphenation={english}
}